% scibib.bib

% This is the .bib file used to compile the document "A simple Science
% template" (scifile.tex).  It is not intended as an example of how to
% set up your BibTeX file.




@Misc{FengWei,
	note = {\url{https://zhuanlan.zhihu.com/p/32356077} Accessed January 1, 2018},
	title = {Multi-Armed Bandit: UCB (Upper Bound Confidence)},
	author = {Feng Wei}
}
@Misc{Zhanghuiwen,
	note = {\url{https://zhuanlan.zhihu.com/p/54159132} Accessed September 6, 2019},
	title = {Gradient Gambling Machine Algorithm},
	author = {Zhang Huiwen}
}









